@book{elements,
  author={Mordechai Ben-Ari and Francesco Mondada},
  title={Elements of Robotics},
  publisher={Springer},
  year=2013,
  note={\url{http://www.springer.com/gp/book/9783319625331}},
}

@misc{tdm,
   author={Yves Piguet},
   title={\texttt{tdmclient} Project Description},
   howpublished={\url{https://pypi.org/project/tdmclient/}},
}

@misc{thymio,
   author={Michael Bonani},
   title={Programming Interface},
   howpublished={\url{http://wiki.thymio.org/en:thymioapi}},
}

@misc{native,
   author={Michael Bonani},
   title={Native Functions Standard Library},
   howpublished={\url{http://wiki.thymio.org/en:asebastdnative}},
}
